 @misc{Firebase,
  key = {Firebase Officiel},
  title = {Firebase webSite},
  note = {\url{https://firebase.google.com}}
}

@misc{Singleton,
  key = {Singleton},
  title = {Singleton design pattern wiki},
  note ={\url{https://fr.wikipedia.org/wiki/Singleton_(patron_de_conception)}}
}

@misc{Orange,
  key = {Orange},
  title = {Orange Free Sounds},
  note = {\url{http://www.orangefreesounds.com}}
}

@misc{Pixabay,
  key = {Pixabay},
  title = {Pixabay},
  note = {\url{https://pixabay.com/fr/}}
}

@misc{Toast,
  key = {Toast},
  title = {Toast-Swift reference},
  note = {\url{https://github.com/scalessec/Toast-Swift}}
}

@misc{uCrop,
  key = {uCrop},
  title = {Librairie uCrop},
  note = {\url{https://github.com/Yalantis/uCrop}}
}

@misc{HorizontalScrollMenu,
  key = {HorizontalScrollMenu},
  title = {Librairie HorizontalScrollMenu},
  note = {\url{https://github.com/darwin-morocho/HorizontalScrollMenu}}
}








